@article{Saramaki2014,
    title   = {{P}ersistence of social signatures in human communication},
    author  = {Saram\"{a}ki, Jari and Leicht, E a and L\'{o}pez, Eduardo and Roberts, Sam G B and Reed-Tsochas, Felix and Dunbar, Robin I M},
    year    = {2014},
    journal = {Proceedings of the National Academy of Sciences of the United States of America},
    volume  = {111},
    number  = {3},
    pages   = {942--947}
}

@article{Raux2011,
    author  = {Raux, St\'{e}phane and Prieur, Christophe},
    journal = {Technique et Science Informatique},
    number  = {2},
    pages   = {155--180},
    title   = {{Stabilit\'{e} globale et diversit\'{e} locale dans la dynamique des commentaires de Flickr}},
    volume  = {30},
    year    = {2011}
}

@article{Hogan2010,
    author  = {Hogan, B.},
    title   = {{T}he {P}resentation of {S}elf in the {A}ge of {S}ocial {M}edia:
        {D}istinguishing {P}erformances and {E}xhibitions {O}nline},
    journal = {{B}ulletin of {S}cience, {T}echnology \& {S}ociety},
    number  = {6},
    pages   = {377--386},
    volume  = {30},
    year    = {2010}
}

@article{Dunbar2012,
    author  = {Dunbar, Robin I. M.},
    title   = {Social cognition on the Internet: testing constraints on social
        network size},
    year    = {2012},
    journal = {Philosophical Transactions of the Royal Society B: Biological
        Sciences},
    number  = {1599},
    volume  = {367},
    pages   = {2192--2201}
}

@article{Roberts2011,
    author  = {Roberts, S. G. B. and Dunbar, Robin I. M.},
    year    = {2011},
    title   = {Communication in social networks: Effects of kinship, network
        size, and emotional closeness},
    volume  = {18},
    pages   = {439--452},
    number  = {3},
    journal = {Personal Relationships}
}

@article{Paul2001,
    author  = {Paul, Elizabeth L. and Brier, Sigal},
    title   = {Friendsickness in the Transition to College: Precollege
        Predictors and College Adjustment Correlates},
    volume  = {79},
    number  = {1},
    journal = {Journal of Counseling \& Development},
    year    = {2001},
    pages   = {77--89}
}

@article{Walther2008,
    author = {Walther, Joseph B. and Van Der Heide, Brandon and Kim, Sang-Yeon
        and Westerman, David and Tong, Stephanie Tom},
    title = {The Role of Friendsâ€™ Appearance and Behavior on Evaluations of
        Individuals on {F}acebook: Are We Known by the Company We Keep?},
    volume = {34},
    number = {1},
    journal = {Human Communication Research},
    year = {2008},
    pages = {28--49}
}
